<?xml version="1.0" encoding="UTF-8"?><collection xmlns="http://www.loc.gov/MARC21/slim"><record><leader>00623nam--2200181-u-4500</leader><controlfield tag="001">000053834</controlfield><controlfield tag="002">20161230</controlfield><controlfield tag="005">20161230201051</controlfield><controlfield tag="008">110627s1000------------r-----000-0-ger-d</controlfield><datafield ind1=" " ind2=" " tag="040"><subfield code="a">IFIN-HH</subfield></datafield><datafield ind1=" " ind2=" " tag="041"><subfield code="a">ger</subfield></datafield><datafield ind1=" " ind2=" " tag="080"><subfield code="a">537.622.4:539.213(043)</subfield></datafield><datafield ind1="1" ind2=" " tag="100"><subfield code="a">Moser, Nikolaus</subfield></datafield><datafield ind1="1" ind2="0" tag="245"><subfield code="a">Untersuchung der magnetischen nachwirkung vin amorphen ferromagnetischen legierungen nach anlassbehandlungen, plastischer verformung und beladung mit wasserstoffisotopen</subfield><subfield code="b">Dissertation</subfield><subfield code="c">Nikolaus moser</subfield></datafield><datafield ind1=" " ind2=" " tag="260"><subfield code="a">Stuttgart</subfield><subfield code="b">Institut Fur Physik</subfield><subfield code="c">1981</subfield></datafield><datafield ind1=" " ind2=" " tag="300"><subfield code="a">232P</subfield></datafield><datafield ind1=" " ind2=" " tag="852"><subfield code="a">71579</subfield><subfield code="c">537:538</subfield></datafield><datafield ind1=" " ind2=" " tag="CAT"><subfield code="a">Sys</subfield><subfield code="c">20110627</subfield><subfield code="h">105148</subfield></datafield></record></collection>